@article{Kuhn2011,
  title={A simple polytomy resolver for dated phylogenies},
  author={Kuhn, Tyler S and Mooers, Arne {\O} and Thomas, Gavin H},
  journal={Methods in Ecology and Evolution},
  volume={2},
  number={5},
  pages={427--436},
  year={2011},
  publisher={Wiley Online Library}
}

@article{ThomasPastis,
  title={{PASTIS}: an {R} package to facilitate phylogenetic assembly with soft taxonomic inferences},
  author={Thomas, Gavin H and Hartmann, Klaas and Jetz, Walter and Joy, Jeffrey B and Mimoto, Aki and Mooers, Arne {\O}},
  journal={Methods in Ecology and Evolution},
  volume={4},
  number={11},
  pages={1011--1017},
  year={2013},
  publisher={Wiley Online Library}
}

@article{Bapst2013,
  title={A stochastic rate-calibrated method for time-scaling phylogenies of fossil taxa},
  author={Bapst, David W},
  journal={Methods in Ecology and Evolution},
  volume={4},
  number={8},
  pages={724--733},
  year={2013},
  publisher={Wiley Online Library}
}

@article{Stadler2013,
  title={Estimating speciation and extinction rates for phylogenies of higher taxa},
  author={Stadler, Tanja and Bokma, Folmer},
  journal={Systematic biology},
  volume={62},
  number={2},
  pages={220--230},
  year={2013},
  publisher={Oxford University Press}
}

@article{FitzJohn2014,
  title={How much of the world is woody?},
  author={FitzJohn, Richard G and Pennell, Matthew W and Zanne, Amy E and Stevens, Peter F and Tank, David C and Cornwell, William K},
  journal={Journal of Ecology},
  volume={102},
  number={5},
  pages={1266--1272},
  year={2014},
  publisher={Wiley Online Library}
}

@article{Fagan2013,
  title={Phylogenetic prediction of the maximum per capita rate of population growth},
  author={Fagan, William F and Pearson, Yanthe E and Larsen, Elise A and Lynch, Heather J and Turner, Jessica B and Staver, Hilary and Noble, Andrew E and Bewick, Sharon and Goldberg, Emma E},
  journal={Proceedings of the Royal Society B: Biological Sciences},
  volume={280},
  number={1763},
  pages={20130523},
  year={2013},
  publisher={The Royal Society}
}

@article {Swenson2014,
author = {Swenson, Nathan G.},
title = {Phylogenetic imputation of plant functional trait databases},
journal = {Ecography},
publisher = {Blackwell Publishing Ltd},
issn = {1600-0587},
url = {http://dx.doi.org/10.1111/j.1600-0587.2013.00528.x},
doi = {10.1111/j.1600-0587.2013.00528.x},
year = {2014},
voluem={37},
pages={105--110}
}


@article {PEM,
author = {Gu\'{e}nard, Guillaume and Legendre, Pierre and Peres-Neto, Pedro},
title = {Phylogenetic eigenvector maps: a framework to model and predict species traits},
journal = {Methods in Ecology and Evolution},
issn = {2041-210X},
url = {http://dx.doi.org/10.1111/2041-210X.12111},
doi = {10.1111/2041-210X.12111},
keywords = {comparative method, cross-validation, evolutionary models, graph theory, Ornsteinâ€“Uhlenbeck process, phylogenetic eigenvectors, phylogenetic modelling, phylogenetic signal, statistical modelling, trait values},
year = {2013},
volume={4},
pages={1120--1131}
}

@article{Jetz2012,
author={Jetz, Walter and Thomas, Gavin H. and Joy, Jeffery B. and Hartmann, Klaus and Mooers, Arne {\O}},
title={The global diversity of birds in space and time},
year={2012},
journal={Nature},
volume={491},
pages={444-448}
}

@misc{Rubolini2015,
  title={Using the {BirdTree.org} website to obtain robust phylogenies for avian comparative studies: A primer},
  author={Rubolini, Diego and Liker, Andr{\'a}s and Garamszegi, L{\'a}szl{\'o} Z and M{\o}ller, Anders P and Saino, Nicola},
  year={2015},
  publisher={Current Zoology}
}